
@article{frank1931,
	Author = {R. T. Frank},
	Title = {The hormonal causes of premenstrual tension},
	Year = {1931},
    Editor = {Arch. Neurol},
    Url = {http://jamanetwork.com/journals/archneurpsyc/article-abstract/645067}
}

@article{poroma2014,
	Author = {Inger Sundström Poromaa and Malin Gingnell},
	Title = {Menstrual cycle influence on cognitive function and emotion processing—from a reproductive perspective},
	Year = {2014},
	Url = {https://www.ncbi.nlm.nih.gov/pmc/articles/PMC4241821/}
}

@article{becker2005,
	Author = {J. B. Becker and A. P. Arnold and J. K. Berkley and J. D. Blaustein and A. L. Eckel and E. Hampson and et al},
	Title = { Strategies and methods for research on sex differences in brain and behavior},
	Year = {2005},
	Url = {https://www.ncbi.nlm.nih.gov/pubmed/15618360}
}

@article{lenton1984a,
	Author = {E. A. Lenton and B. M. Landgren and L. Sexton and R. Harper},
	Title = {Normal variation in the length of the follicular phase of the menstrual cycle: effect of chronological age},
	Year = {1984},
	Url = {https://www.ncbi.nlm.nih.gov/pubmed/6743609}
}

@article{brondin2008,
	Author = {T. Brodin and T. Bergh and L. Berglund and N. Hadziosmanovic and J. Holte},
	Title = {Menstrual cycle length is an age-independent marker of female fertility: results from 6271 treatment cycles of in vitro fertilization},
	Year = {2008},
	Url = {https://www.ncbi.nlm.nih.gov/pubmed/18155201}
}

@book{fritz2010,
author = {L. Speroff and M. A. Fritz},
title = {Clinical Gynecologic Endocrinology and Infertility},
year = {20010},
edition = {8th},
publisher = {Wolters Kluwer/Lippincott, Williams and Wilkins},
address = {USA},
}

@article{nikas2003,
	Author = {G. Nikas and A. Makrigiannakis},
	Title = {Endometrial pinopodes and uterine receptivity},
	Year = {2003},
	Url = {https://www.ncbi.nlm.nih.gov/pubmed/14644817}
}

@article{bixo1997,
	Author = {M. Bixo and A. Andersson and B. Winblad and R. H. Purdy and T. Backstrom},
	Title = {5alpha-pregnane-3,20-dione and 3alpha-hydroxy-5alpha-pregnane-20-one in specific regions of the human female brain in different endocrine states.},
	Year = {1997},
	Url = {https://www.ncbi.nlm.nih.gov/pubmed/9295207}
}

@article{gruber2002,
	Author = {C. J. Gruber and W. Tschugguel and C. Schneeberger and J. C. Huber},
	Title = {Production and actions of estrogens},
	Year = {2002},
	Url = {https://www.ncbi.nlm.nih.gov/pubmed/11821512}
}

@article{brinton2008,
	Author = {R. D. Brinton and F. R. Thompson and M. R. Foy and M. Baudry and J. Wang and C. E. and et al.},
	Title = {Progesterone receptors: form and function in brain. Front. Neuroendocrinol},
	Year = {2008},
	Url = {https://www.ncbi.nlm.nih.gov/pubmed/18374402}
}

@article{gasbarri2008,
	Author = {A . Gasbarri and A. Pompili and A. d’Onofrio and A. Cifariello and M. C. Tavares and C. Tomaz},
	Title = { Working memory for emotional facial expressions: role of the estrogen in young women},
	Year = {2008},
	Url = {https://www.ncbi.nlm.nih.gov/pubmed/18667277}
}

@article{derntl2008,
	Author = {B. Derntl and I. Kryspin-Exner and E. Fernbach and E. Moser and U. Habel },
	Title = { Emotion recognition accuracy in healthy young females is associated with cycle phase},
	Year = {2008},
	Url = {https://www.ncbi.nlm.nih.gov/pubmed/17976599}
}

@article{kirschbaum1999,
	Author = {C. Kirschbaum and B. M. Kudielka and J. Gaab and N. C. Schommer and D. H. Hellhammer},
	Title = { Impact of gender, menstrual cycle phase, and oral contraceptives on the activity of the hypothalamus-pituitary-adrenal axis},
	Year = {1999},
	Url = {https://www.ncbi.nlm.nih.gov/pubmed/10204967}
}

@article{lam2002,
	Author = {L. T. Lam and S. L. kirby},
	Title = {Is Emotional Intelligence an Advantage? An Exploration of the Impact of Emotional and General Intelligence on Individual Performance},
	Year = {2002},
	Url = {https://www.ncbi.nlm.nih.gov/pubmed/11913831}
}

@article{salovey1990,
	Author = {P. Salovey and J. D. Mayer},
	Title = { Emotional intelligence. Imagination, Cognition, and Personality},
	Year = {1990},
	Url = {https://journals.sagepub.com/doi/abs/10.2190/DUGG-P24E-52WK-6CDG}
}

@article{ecochard2001,
	Author = {R. Ecochard and H. Boehringer and M. Rabilloud and H. Marret},
	Title = { Chronological aspects of ultrasonic, hormonal and other indirect indices of ovulation},
	Year = {2001},
	Url = {https://www.ncbi.nlm.nih.gov/pubmed/11510707}
}

@article{wideman2013,
	Author = {L. Wideman and M. M. Montgomery and B. J. Levine and B. D. Beynnon and S. J. Shultz},
	Title = { Accuracy of Calendar-Based Methods for Assigning Menstrual Cycle Phase in Women},
	Year = {2013},
	Url = {https://journals-sagepub-com.ez54.periodicos.capes.gov.br/doi/full/10.1177/1941738112469930}
}

@article{hausmann2000,
	Author = {M. Hausmann and D. Slabbekoorn and SHM Van Goozen },
	Title = {Sex hormones affect spatial abilities during the menstrual cycle},
	Year = {2000},
	Url = {https://journals-sagepub-com.ez54.periodicos.capes.gov.br/doi/full/10.1177/1941738112469930}
}

@article{Rosenberg2002,
	Author = {L. Rosenberg and S. Park},
	Title = {Verbal and spatial functions across the menstrual cycle in healthy young women},
	Year = {2002},
	Url = {https://journals-sagepub-com.ez54.periodicos.capes.gov.br/doi/full/10.1177/1941738112469930}
}

@article{derntl2013,
	Author = {B. Derntl and R. L. Hack and I. Kryspin-Exner and U. Habel},
	Title = {Association of menstrual cycle phase with the core components of empathy},
	Year = {2013},
	Url = {https://journals-sagepub-com.ez54.periodicos.capes.gov.br/doi/full/10.1177/1941738112469930}
}
@article{obrien2011,
	Author = {P. O’Brien and M. Backstrom and T. Brown and C. Dennerstein and L. Endicott and J.Epperson,},
	Title = {Towards a consensus on diagnostic criteria, measurement and trial design of the premenstrual disorders: the ISPMD Montreal consensus},
	Year = {2011},
	Url = {https://journals-sagepub-com.ez54.periodicos.capes.gov.br/doi/full/10.1177/1941738112469930}
}
@article{mishell2005,
	Author = {DR Mishell},
	Title = {Premenstrual disorders: Epidemiology and disease burden},
	Year = {2005},
	Url = {https://journals-sagepub-com.ez54.periodicos.capes.gov.br/doi/full/10.1177/1941738112469930}
}

@article{biggs2011,
	Author = {WS Biggs AND RH Demuth},
	Title = {Premenstrual syndrome and premenstrual dysphoric disorder},
	Year = {2011},
	Url = {https://journals-sagepub-com.ez54.periodicos.capes.gov.br/doi/full/10.1177/1941738112469930}
}

@article{bobadilla2013,
	Author = {J. Bobadilla and F. Ortega and A. Hernando and A. Gutiérrez},
	Title = {Recommender systems survey},
	Year = {2013},
	Url = {https://journals-sagepub-com.ez54.periodicos.capes.gov.br/doi/full/10.1177/1941738112469930}
}


@article{adomavicius2005,
	Author = {G. Adomavicius and A. Tuzhilin},
	Title = {Toward the Next Generation of Recommender Systems: A Survey of the State-of-the-Art and Possible Extensions},
	Year = {2005},
	Url = {https://journals-sagepub-com.ez54.periodicos.capes.gov.br/doi/full/10.1177/1941738112469930}
}

@article{felferning2008,
	Author = {A. Felfernig and R. Burke},
	Title = {Constraint-based Recommender Systems: Technologies and Research Issues},
	Year = {2008},
	Url = {https://journals-sagepub-com.ez54.periodicos.capes.gov.br/doi/full/10.1177/1941738112469930}
}
 

@book{ACOG2000,
author = {ACOG},
title = {American College of Obstetrics and Gynecology: ACOG},
year = {2000},
publisher = {ACOG},
address = {Washington,DC},
}
@book{guyton2012,
author = {A. C. Guyton and J. E. Hall},
title = {Tratado de Fisiologia médica},
year = {2012},
publisher = {Elservier},
address = {Rio de Janeiro},
}


